@inproceedings{
  Akuzawa, %文献参照名
  title={駅構内における群衆歩行シミュレーションモデルの研究},
  author={阿久澤, あずみ},%姓, 名.複数人はand.
  booktitle={日本オペレーションズリサーチ秋季研究発表会, 2005 },
  pages={192--193},
  year={2005},
  organization={公益社団法人日本オペレーションズ・リサーチ学会}
}

@inproceedings{
  Sasagawa, %文献参照名
  title={人工現実感を用いた横断歩道における歩行者交通流シミュレータの開発},
  author={笹川, 匠也},%姓, 名.複数人はand.
  booktitle={平成29年度長岡工業高等専門学校卒業論文},
  pages={},
  year={2018},
  organization={長岡工業高等専門学校}
}

@inproceedings{
  Iryo-Youryou, %文献参照名
  title={歩行者交差交通流の性能評価に関する研究},
  author={井料, 美帆 and 長島, 愛},%姓, 名.複数人はand.
  booktitle={生産研究67巻4号},
  pages={369--373},
  year={2015},
  organization={東京大学生産技術研究所}
}

@inproceedings{
  Iryo-VRE, %文献参照名
  title={Development of Pedestrian Model for Experiments in Virtual Reality Environment},
  author={HASEGAWA, Yu and Miho, IRYO-ASANO},%姓, 名.複数人はand.
  booktitle={生産研究70巻2号},
  pages={131--135},
  year={2018},
  organization={東京大学生産技術研究所}
}

@inproceedings{
  Iryo-Appli, %文献参照名
  title={Applicability of Virtual Reality Systems for Evaluating Pedestrians’ Perception and Behavior},
  author={Iryo-Asano, Miho and Hasegawa, Yu and Dias, Charitha},%姓, 名.複数人はand.
  booktitle={Transportation research procedia Volume 34},
  pages={67--74},
  year={2018},
  organization={Elsevier}
}

@inproceedings{
  Iryo-VRMicroPM, %文献参照名
  title={Examining factors of walking disutility for microscopic pedestrian model - A virtual reality approach},
  author={Iryo, Takamasa and Asano, Miho and Odani, Shinta and Izumi, Shogo},%姓, 名.複数人はand.
  booktitle={Procedia - Social and Behavioral Sciences Volume 80},
  pages={940--959},
  year={2013},
  organization={Elsevier}
}

@inproceedings{
  Akuzawa, %文献参照名
  title={aaaaaaaaaaaaaaaaaaaaaaaaaaaaaaaaaaaaaaaaa},
  author={Neubig, Graham and Nakata, Yosuke and Mori, Shinsuke},%姓, 名.複数人はand.
  booktitle={Proceedings of the 49th Annual Meeting of the Association for Computational Linguistics: Human Language Technologies: short papers-Volume 2},
  pages={529--533},
  year={2011},
  organization={Association for Computational Linguistics}
}